<?xml version="1.0" encoding="UTF-8"?><record xmlns="http://www.loc.gov/MARC21/slim" xmlns:cinclude="http://apache.org/cocoon/include/1.0" xmlns:zs="http://www.loc.gov/zing/srw/">
  <leader>00995cz  a2200193n  4500</leader>
  <controlfield tag="001">n 2009184141</controlfield>
  <controlfield tag="003">DLC</controlfield>
  <controlfield tag="005">20120624074747.0</controlfield>
  <controlfield tag="008">091007n| acannaabn          |a ana      </controlfield>
  <datafield tag="010" ind1=" " ind2=" ">
    <subfield code="a">n 2009184141</subfield>
  </datafield>
  <datafield tag="035" ind1=" " ind2=" ">
    <subfield code="a">(DNLM)1452392</subfield>
  </datafield>
  <datafield tag="035" ind1=" " ind2=" ">
    <subfield code="a">(Uk)007593731</subfield>
  </datafield>
  <datafield tag="040" ind1=" " ind2=" ">
    <subfield code="a">DNLM</subfield>
    <subfield code="b">eng</subfield>
    <subfield code="c">DNLM</subfield>
    <subfield code="d">Uk</subfield>
  </datafield>
  <datafield tag="110" ind1="2" ind2=" ">
    <subfield code="a">University Hospital NHS Trust Birmingham</subfield>
  </datafield>
  <datafield tag="410" ind1="2" ind2=" ">
    <subfield code="a">University Hospital Birmingham NHS Trust</subfield>
  </datafield>
  <datafield tag="510" ind1="2" ind2=" ">
    <subfield code="w">b</subfield>
    <subfield code="a">University Hospitals Birmingham NHS Foundation Trust</subfield>
  </datafield>
  <datafield tag="670" ind1=" " ind2=" ">
    <subfield code="a">The Birmingham bone anchored hearing aid programme, 1988-1995, 1996:</subfield>
    <subfield code="b">t.p. (University Hospital NHS Trust Birmingham)</subfield>
  </datafield>
  <datafield tag="670" ind1=" " ind2=" ">
    <subfield code="a">Inpatient survey, 2004:</subfield>
    <subfield code="b">t.p. (University Hospital Birmingham NHS Trust)</subfield>
  </datafield>
  <datafield tag="675" ind1=" " ind2=" ">
    <subfield code="a">University Hospitals Birmingham NHS Foundation Trust website, 22 June 2012: About the Trust page (University Hospitals Birmingham NHS Foundation Trust; runs the new Queen Elizabeth Hospital Birmingham, Selly Oak Hospital &amp; the old Queen Elizabeth Hospital, which is adjacent to the new hospital)</subfield>
  </datafield>
</record>